@inproceedings{BCC+23,
   author       = {Ruben Becker and
                   Arnaud Casteigts and
                   Pierluigi Crescenzi and
                   Bojana Kodric and
                   Malte Renken and
                   Michael Raskin and
                   Viktor Zamaraev},
   editor       = {Nicole Megow and
                   Adam D. Smith},
   title        = {Giant Components in Random Temporal Graphs},
   booktitle    = {Approximation, Randomization, and Combinatorial
Optimization. Algorithms and Techniques ({APPROX/RANDOM})},
   series       = {LIPIcs},
   volume       = {275},
   pages        = {29:1--29:17},
   publisher    = {Schloss Dagstuhl - Leibniz-Zentrum f{\"{u}}r Informatik},
   year         = {2023},
   doi          = {10.4230/LIPICS.APPROX/RANDOM.2023.29},
}

@inproceedings{CCS22,
   author       = {Arnaud Casteigts and
                   Timoth{\'{e}}e Corsini and
                   Writika Sarkar},
   title        = {Invited Paper: Simple, Strict, Proper, Happy: {A}
Study of Reachability in Temporal Graphs},
   booktitle    = {24th Int. Symposium on Stabilization, Safety, and
Security of Distributed Systems ({SSS})},
   series       = {Lecture Notes in Computer Science},
   volume       = {13751},
   pages        = {3--18},
   publisher    = {Springer},
   year         = {2022},
   doi          = {10.1007/978-3-031-21017-4\_1},
}
